@misc{VirtuxOmni,
title="\textbf{Virtux Omni}",
note="http://www.virtuix.com"
}
@misc{HyperTerminal,
title="\textbf{HyperTerminal}",
note="http://www.hilgraeve.com/hyperterminal-serial-port/"
}
@misc{Arduino,
title="\textbf{Arduino}",
note="https://www.arduino.cc"
}
@misc{Blender,
title="\textbf{Blender}",
note="https://www.blender.org"
}
@misc{Unity,
title="\textbf{Unity3D}",
note="https://unity3d.com"
}
@misc{TurboSquid,
title="\textbf{TurboSquid}",
note="http://www.turbosquid.com/Search/3D-Models/free"
}
@misc{OSVRsite,
title="\textbf{OSVR site}",
note="http://www.osvr.org"
}
@misc{OSVRGuide,
title="\textbf{OSVR Guide}",
note="http://osvr.github.io/"
}

@misc{OSVRREset,
title="\textbf{OSVR Reset Yawn}",
note="http://resource.osvr.com/docs/OSVR-Core/OSVRResetYaw.html"
}

@misc{Oculus,
title="\textbf{Oculus Rift}",
note="https://www3.oculus.com/en-us/rift/"
}